@Manual{arules:R:2005,
  title	       = {R: A Language and Environment for Statistical
                  Computing},
  author       = {{R Development Core Team}},
  organization = {R Foundation for Statistical Computing},
  address      = {Vienna, Austria},
  year	       = 2005,
  note	       = {{ISBN} 3-900051-07-0},
  url	       = {http://www.R-project.org},
}

@Article{arules:Hahsler:2011,
  title = {The arules {R}-Package Ecosystem: {A}nalyzing Interesting Patterns from Large Transaction Datasets},
  author = {Michael Hahsler and Sudheer Chelluboina and Kurt Hornik and Christian Buchta},
  year = {2011},
  journal = {Journal of Machine Learning Research},
  volume = {12},
  pages = {1977--1981},
  url = {https://jmlr.csail.mit.edu/papers/v12/hahsler11a.html},
}

@Article{arules:Hahsler+Gruen+Hornik:2005b,
  AUTHOR       = {Michael Hahsler and Bettina Gr{\"u}n and Kurt Hornik},
  TITLE	       = {arules -- {A} Computational Environment for Mining
                  Association Rules and Frequent Item Sets},
  JOURNAL      = {Journal of Statistical Software},
  YEAR	       = 2005,
  VOLUME       = 14,
  NUMBER       = 15,
  url	       = {http://www.jstatsoft.org/v14/i15/},
  MONTH	       = {October},
  PAGES	       = {1--25},
  ISSN	       = {1548-7660},
}


@Article{arules:Hahsler:2017,
  title = {arules{V}iz: {I}nteractive Visualization of Association Rules with {R}},
  author = {Michael Hahsler},
  year = {2017},
  journal = {R Journal},
  volume = {9},
  number = {2},
  pages = {163--175},
  url = {https://journal.r-project.org/archive/2017/RJ-2017-047/RJ-2017-047.pdf},
  doi = {10.32614/RJ-2017-047},
  month = {December},
  issn = {2073-4859},
}

@InProceedings{arules:Borgelt:2003,
  author       = {Christian Borgelt},
  title	       = {Efficient Implementations of {Apriori} and {Eclat}},
  BOOKTITLE    = {FIMI'03: Proceedings of the IEEE ICDM Workshop on
                  Frequent Itemset Mining Implementations},
  MONTH	       = {November},
  YEAR	       = 2003,
}

@Manual{arules:Bates:2022,
  title = {Matrix: {S}parse and Dense Matrix Classes and Methods},
  author = {Douglas Bates and Martin Maechler and Mikael Jagan},
  year = {2022},
  note = {R package version 1.5-1},
  url = {https://CRAN.R-project.org/package=Matrix},
}

@misc{arules:Charles:2022,
  author = {Laurent Gautier},
  title = {{RPy2}: {P}ython to {R} bridge},
  year = {2022},
  publisher = {GitHub},
  journal = {GitHub repository},
  howpublished = {\url{https://github.com/rpy2/rpy2}}
}

@Manual{arules:Hahsler:2023,
title = {Python interface to the {R} package arules},
  author = {Michael Hahsler},
  year = {2023},
  note = {arulespy 0.1.1},
  url = {https://pypi.org/project/arulespy/},
}

@InProceedings{arules:Agrawal+Imielinski+Swami:1993,
  author       = {Rakesh Agrawal and Tomasz Imielinski and Arun Swami},
  title	       = {Mining Association Rules between Sets of Items in
                  Large Databases},
  booktitle    = {Proceedings of the 1993 ACM SIGMOD International
                  Conference on Management of Data},
  year	       = 1993,
  pages	       = {207--216},
  location     = {Washington, D.C., United States},
  publisher    = {ACM Press},
}

@article{arules:Tan:2004,
  author = {Pang-Ning Tan and Vipin Kumar and Jaideep Srivastava},
  journal = {Information Systems},
  title = {Selecting the right objective measure for association analysis},
  year = {2004},
  number = {4},
  pages = {293--313},
  volume = {29},
  abstract = {Compare the properties of 21 objective measures (of interest). The
	measures in general lack to agree with each other. However, the authors
	show that if support-based pruning or table standardization (of the
	contingency tables) is used, the measures become highly correlated.},
  keywords = {measures},
  doi = {10.1016/s0306-4379(03)00072-3},
  publisher = {Elsevier Science Ltd.}
}

@article{arules:Geng:2006,
  author = {Liqiang Geng and Howard J. Hamilton},
  journal = {ACM Computing Surveys},
  title = {Interestingness measures for data mining: A survey},
  year = {2006},
  number = {3},
  pages = {9},
  volume = {38},
  address = {New York, NY, USA},
  keywords = {measures},
  doi = {10.1145/1132960.1132963},
  publisher = {ACM}
}

@Manual{arules:Blake+Merz:1998,
  author       = {A. Asuncion and D. J. Newman},
  year	       = {2007},
  title	       = {{UCI} Repository of Machine Learning Databases},
  url	       = {http://www.ics.uci.edu/~mlearn/MLRepository.html},
  organization  = {University of California, Irvine, Deptartment of Information
                  and Computer Sciences},
}

@ARTICLE{arules:Bayardo+Agrawal+Gunopulos:2000,
  AUTHOR = {R. Bayardo and R. Agrawal and D. Gunopulos},
  TITLE = {Constraint-based rule mining in large, dense databases},
  JOURNAL = {Data Mining and Knowledge Discovery},
  VOLUME = {4},
  NUMBER = {2/3},
  PAGES = {217--240},
  YEAR = {2000},
}

@ARTICLE{arules:Hofmann+Wilhelm:2001,
 author = {Heike Hofmann and Adalbert Wilhelm},
 title = {Visual comparison of association rules},
 journal = {Computational Statistics},
 year = {2001},
 volume = {16},
 pages = {399--415},
 number = {3},
 issn = {ISSN 0943-4062},
}

@Book{arules:Wickham:2016,
  author = {Hadley Wickham},
  title = {ggplot2: {E}legant Graphics for Data Analysis},
  publisher = {Springer-Verlag New York},
  year = {2016},
  isbn = {978-3-319-24277-4},
  url = {https://ggplot2.tidyverse.org},
}

@Manual{arules:Vaidyanathan:2023,
  title = {htmlwidgets: {HTML} Widgets for {R}},
  author = {Ramnath Vaidyanathan and Yihui Xie and JJ Allaire and Joe Cheng and Carson Sievert and Kenton Russell},
  year = {2023},
  note = {R package version 1.6.2},
  url = {https://CRAN.R-project.org/package=htmlwidgets},
}

@Book{arules:Sievert:2020,
  author = {Carson Sievert},
  title = {Interactive Web-Based Data Visualization with R, plotly, and shiny},
  publisher = {Chapman and Hall/CRC},
  year = {2020},
  isbn = {9781138331457},
  url = {https://plotly-r.com},
}

@Manual{arules:Almende:2022,
  title = {visNetwork: Network Visualization using 'vis.js' Library},
  author = {{Almende B.V. and Contributors} and Benoit Thieurmel},
  year = {2022},
  note = {R package version 2.1.2},
  url = {https://CRAN.R-project.org/package=visNetwork},
}

